@misc{betancourt2020,
  title={Towards A Principled Bayesian Workflow},
  url={betanalpha.github.io},
  journal={betanalpha},
  author={Betancourt, Michael},
  year={2020},
  month={Apr}
}

@misc{Gelman2006,
  author = {Gelman, Andrew},
  booktitle = {Bayesian Analysis},
  doi = {10.1214/06-BA117A},
  file = {:home/alex/Documents/Mendeley Desktop/Bayesian Analysis/Gelman - 2006 - Prior distributions for variance parameters in hierarchical models (Comment on Article by Browne and Draper).pdf:pdf},
  issn = {19360975},
  keywords = {Bayesian inference,Conditional conjugacy,Folded-noncentral-t distribution,Half-t distribution,Hierarchical model,Multilevel model,Noninformative prior distribution,Weakly informative prior distribution},
  number = {3},
  pages = {515--534},
  title = {{Prior distributions for variance parameters in hierarchical models (Comment on Article by Browne and Draper)}},
  url = {http://www.stat.columbia.edu/{~}gelman/},
  volume = {1},
  year = {2006}
}

@book{gelman2006data,
  title={Data analysis using regression and multilevel/hierarchical models},
  author={Gelman, Andrew and Hill, Jennifer},
  year={2006},
  publisher={Cambridge university press}
}

@article{Gelman2008,
  archivePrefix = {arXiv},
  arxivId = {0901.4011},
  author = {Gelman, Andrew and Jakulin, Aleks and Pittau, Maria Grazia and Su, Yu Sung},
  doi = {10.1214/08-AOAS191},
  eprint = {0901.4011},
  file = {:home/alex/Documents/Mendeley Desktop/Annals of Applied Statistics/Gelman et al. - 2008 - A weakly informative default prior distribution for logistic and other regression models.pdf:pdf},
  issn = {19326157},
  journal = {Annals of Applied Statistics},
  keywords = {Bayesian inference,Generalized linear model,Hierarchical model,Least squares,Linear regression,Logistic regression,Multilevel model,Noninformative prior distribution,Weakly informative prior distribution},
  month = {dec},
  number = {4},
  pages = {1360--1383},
  title = {{A weakly informative default prior distribution for logistic and other regression models}},
  volume = {2},
  year = {2008}
}

@article{stone2001,
  title={When is now? Perception of simultaneity},
  author={Stone, JV and Hunkin, NM and Porrill, J and Wood, R and Keeler, V and Beanland, M and Port, M and Porter, NR},
  journal={Proceedings of the Royal Society of London. Series B: Biological Sciences},
  volume={268},
  number={1462},
  pages={31--38},
  year={2001},
  publisher={The Royal Society}
}


@article{Wichmann2001a,
  archivePrefix = {arXiv},
  arxivId = {1003.3921v1},
  author = {Wichmann, Felix A and Hill, N Jeremy},
  doi = {10.3758/BF03194544},
  eprint = {1003.3921v1},
  file = {:home/alex/Documents/Mendeley Desktop/Perception and Psychophysics/Wichmann, Hill - 2001 - The psychometric function I. Fitting, sampling, and goodness of fit.pdf:pdf},
  isbn = {0031-5117 (Print)$\backslash$n0031-5117 (Linking)},
  issn = {0031-5117},
  journal = {Perception and Psychophysics},
  number = {8},
  pages = {1293--1313},
  pmid = {11800458},
  title = {{The psychometric function: I. Fitting, sampling, and goodness of fit}},
  volume = {63},
  year = {2001}
}

@article{Wichmann2001b,
  author = {F.A., Wichmann and N.J., Hill},
  file = {:home/alex/Documents/Mendeley Desktop/Perception and Psychophysics/F.A., N.J. - 2001 - The psychometric function II. Bootstrap-based confidence intervals and sampling.pdf:pdf},
  journal = {Perception and Psychophysics},
  keywords = {dose-response curve,intensity,method,psychophysic,sensory},
  number = {8},
  pages = {1314--1329},
  title = {{The psychometric function: II. Bootstrap-based confidence intervals and sampling}},
  url = {http://users.ox.ac.uk/{~}sruoxfor/psychofit},
  volume = {63},
  year = {2001}
}

