@Manual{R-arm,
  title = {arm: Data Analysis Using Regression and Multilevel/Hierarchical
    Models},
  author = {Andrew Gelman and Yu-Sung Su},
  year = {2020},
  note = {R package version 1.11-2},
  url = {https://CRAN.R-project.org/package=arm},
}

@Manual{R-bookdown,
  title = {bookdown: Authoring Books and Technical Documents with R Markdown},
  author = {Yihui Xie},
  year = {2020},
  note = {R package version 0.21},
  url = {https://github.com/rstudio/bookdown},
}

@Manual{R-knitr,
  title = {knitr: A General-Purpose Package for Dynamic Report Generation in R},
  author = {Yihui Xie},
  year = {2020},
  note = {R package version 1.30},
  url = {https://yihui.org/knitr/},
}

@Manual{R-rethinking,
  title = {rethinking: Statistical Rethinking book package},
  author = {Richard McElreath},
  year = {2020},
  note = {R package version 2.13},
}

@Manual{R-rstan,
  title = {rstan: R Interface to Stan},
  author = {Jiqiang Guo and Jonah Gabry and Ben Goodrich and Sebastian Weber},
  year = {2020},
  note = {R package version 2.21.2},
  url = {https://CRAN.R-project.org/package=rstan},
}

@Manual{R-rstanarm,
  title = {rstanarm: Bayesian Applied Regression Modeling via Stan},
  author = {Jonah Gabry and Ben Goodrich},
  year = {2020},
  note = {R package version 2.21.1},
  url = {https://CRAN.R-project.org/package=rstanarm},
}

@Book{bookdown2016,
  title = {bookdown: Authoring Books and Technical Documents with {R} Markdown},
  author = {Yihui Xie},
  publisher = {Chapman and Hall/CRC},
  address = {Boca Raton, Florida},
  year = {2016},
  note = {ISBN 978-1138700109},
  url = {https://github.com/rstudio/bookdown},
}

@Book{knitr2015,
  title = {Dynamic Documents with {R} and knitr},
  author = {Yihui Xie},
  publisher = {Chapman and Hall/CRC},
  address = {Boca Raton, Florida},
  year = {2015},
  edition = {2nd},
  note = {ISBN 978-1498716963},
  url = {https://yihui.org/knitr/},
}

@InCollection{knitr2014,
  booktitle = {Implementing Reproducible Computational Research},
  editor = {Victoria Stodden and Friedrich Leisch and Roger D. Peng},
  title = {knitr: A Comprehensive Tool for Reproducible Research in {R}},
  author = {Yihui Xie},
  publisher = {Chapman and Hall/CRC},
  year = {2014},
  note = {ISBN 978-1466561595},
  url = {http://www.crcpress.com/product/isbn/9781466561595},
}

@Misc{rstanarm2018,
  title = {Joint longitudinal and time-to-event models via {Stan}.},
  author = {SL Brilleman and MJ Crowther and M Moreno-Betancur and J {Buros
    Novik} and R Wolfe},
  note = {StanCon 2018. 10-12 Jan 2018. Pacific Grove, CA, USA.},
  url = {https://github.com/stan-dev/stancon_talks/},
  year = {2018},
}

